%%This is the citation list of phase diagram paper

@article{kindt:2015,
   author = {Kindt, James T.},
   title = {Grand canonical Monte Carlo using solvent repacking: Application to phase behavior of hard disk mixtures},
   journal = {The Journal of Chemical Physics},
   volume = {143},
   number = {12},
   pages = {124109},
   keywords = {emulsions
Monte Carlo methods
freezing
chemical potential},
   DOI = {doi:http://dx.doi.org/10.1063/1.4931731},
   url = {http://scitation.aip.org/content/aip/journal/jcp/143/12/10.1063/1.4931731},
   year = {2015},
   type = {Journal Article}
}
